@inproceedings{dc-teenage-decade,
  title = "Warehouse-Scale Computing: Entering the Teenage Decade",
  author = "Luiz Andre Barroso",
  booktitle = "FCRC",
  year = "2011",
}

@InProceedings{gfs,
  title = "{The Google File System}",
  author = "S. Ghemawat, H. Gobioff, S. T. Leung",
  booktitle = {ACM SOSP},
  year = 2003
}
@inproceedings{diskirrelevant,
  author="{G. Ananthanarayanan, A. Ghodsi, S. Shenker, I. Stoica}",
  title="{Disk-Locality in Datacenter Computing Considered Irrelevant}",
  booktitle={{USENIX HotOS}},
  year = 2011
}

@inproceedings{nightingale2012flat,
  title={Flat Datacenter Storage},
  author={Nightingale, E. and Elson, J. and Hofmann, O. and Suzue, Y. and Fan, J. and Howell, J.},
  booktitle={Proceedings of the 10th USENIX conference on Operating systems design and implementation},
  year={2012}
}
