@inproceedings{thusoo2010data,
 author = {Thusoo, Ashish and Shao, Zheng and Anthony, Suresh and Borthakur, Dhruba and Jain, Namit and Sen Sarma, Joydeep and Murthy, Raghotham and Liu, Hao},
 title = {{Data Warehousing and Analytics Infrastructure at Facebook}},
 booktitle = {Proc. SIGMOD},
 year = {2010},
} 

@inproceedings{dc-teenage-decade,
  title = "Warehouse-Scale Computing: Entering the Teenage Decade",
  author = "Luiz Andre Barroso",
  booktitle = "FCRC",
  year = "2011",
}

@InProceedings{gfs,
  title = "{The Google File System}",
  author = "S. Ghemawat, H. Gobioff, S. T. Leung",
  booktitle = {ACM SOSP},
  year = 2003
}
@inproceedings{diskirrelevant,
  author="{G. Ananthanarayanan, A. Ghodsi, S. Shenker, I. Stoica}",
  title="{Disk-Locality in Datacenter Computing Considered Irrelevant}",
  booktitle={Proc. HotOS},
  year = 2011
}
@article{sherman1972trace,
  title={{Trace-Driven Modeling and Analysis of CPU Scheduling in a Multiprogramming System}},
  author={Sherman, S. and Baskett III, F. and Browne, J.C.},
  journal={CACM},
  volume={15},
  number={12},
  pages={1063--1069},
  year={1972},
}
@article{douglis1991transparent,
  title={{Transparent Process Migration: Design Alternatives and the Sprite Implementation}},
  author={Douglis, F. and Ousterhout, J.},
  journal={Software: Practice and Experience},
  year={1991},
  publisher={Wiley Online Library},
  volume = {21},
  number = {8},
  pages = {757--785}
}
@article{milojivcic2000process,
  title={Process migration},
  author={Miloji{\v{c}}i{\'c}, D.S. and Douglis, F. and Paindaveine, Y. and Wheeler, R. and Zhou, S.},
  journal={CSUR},
  year={2000},
}
@inproceedings{ananthanarayanan2012true,
  title={{True Elasticity in Multi-Tenant Data-Intensive Compute Clusters}},
  author={Ananthanarayanan, G. and Douglas, C. and Ramakrishnan, R. and Rao, S. and Stoica, I.},
  booktitle={Proc. SOCC},
  year={2012},
}
@inproceedings{kwon2012skewtune,
  title={{SkewTune: Mitigating Skew in MapReduce Applications}},
  author={Kwon, Y.C. and Balazinska, M. and Howe, B. and Rolia, J.},
  booktitle={Proc. SIGMOD},
  year={2012},
  pages={25--36}
}
@inproceedings{ananthanarayanan2010reining,
  title={{Reining in the Outliers in Map-Reduce Clusters using Mantri}},
  author={Ananthanarayanan, G. and Kandula, S. and Greenberg, A. and Stoica, I. and Lu, Y. and Saha, B. and Harris, E.},
  booktitle={Proc. OSDI},
  year={2010},
}
@inproceedings{ananthanarayanan2011scarlett,
  title={{Scarlett: Coping with Skewed Content Popularity in MapReduce Clusters}},
  author={Ananthanarayanan, G. and Agarwal, S. and Kandula, S. and Greenberg, A. and Stoica, I. and Harlan, D. and Harris, E.},
  booktitle={Proc. EuroSys},
  year={2011},
}
@inproceedings{zaharia2008improving,
  title={{Improving MapReduce Performance in Heterogeneous Environments}},
  author={Zaharia, M. and Konwinski, A. and Joseph, A.D. and Katz, R. and Stoica, I.},
  booktitle={Proc. OSDI},
  year={2008}
}
@article{melnik2010dremel,
  title={Dremel: interactive analysis of web-scale datasets},
  author={Melnik, S. and Gubarev, A. and Long, J.J. and Romer, G. and Shivakumar, S. and Tolton, M. and Vassilakis, T.},
  journal={Proceedings of the VLDB Endowment},
  year={2010},
  publisher={VLDB Endowment}
}

@inproceedings{nightingale2012flat,
  title={{Flat Datacenter Storage}},
  author={Nightingale, E. and Elson, J. and Hofmann, O. and Suzue, Y. and Fan, J. and Howell, J.},
  booktitle={Proc. OSDI},
  year={2012}
}

@inproceedings{zaharia2010spark,
  title={{Resilient Distributed Datasets: A Fault-Tolerant Abstraction for In-Memory Cluster Computing}},
  author={Zaharia, M. and Chowdhury, M. and Das, T. and Dave, A. and Ma, J. and McCauley, M. and Franklin, M. and Shenker, S. and Stoica, I.},
  booktitle={Proc. NSDI},
  year={2011}
}

@techreport{ousterhoutbatch,
  author = {Ousterhout, Kay and Wendell, Patrick and Zaharia, Matei and Stoica, Ion},
  title = {Sparrow: Scalable Scheduling for Sub-Second Parallel Jobs},
  institution = {EECS Department, University of California, Berkeley},
  year = {2013},
  month = {Apr},
  url = {http://www.eecs.berkeley.edu/Pubs/TechRpts/2013/EECS-2013-29.html},
  number = {UCB/EECS-2013-29},
}

@inproceedings{wilkes2013omega,
author = {Schwarzkopf, Malte and Konwinski, Andy and Abd-El-Malek, Michael and Wilkes, John},
title = {{Omega: flexible, scalable schedulers for large compute clusters}},
year = {2013},
booktitle = {Proc. EuroSys},
}

@inproceedings{chowdhury2011managing,
  title={{Managing Data Transfers in Computer Clusters with Orchestra}},
  author={Chowdhury, M. and Zaharia, M. and Ma, J. and Jordan, M.I. and Stoica, I.},
  booktitle={Proc. SIGCOMM},
  pages={98--109},
  year={2011}
}

@inproceedings{chowdhury2012coflow,
  title={{Coflow: A Networking Abstraction for Cluster Applications}},
  author={Chowdhury, M. and Stoica, I.},
  booktitle={Proc. HotNets},
  pages={31--36},
  year={2012},
}

@inproceedings{yu2008dryadlinq,
  title={{DryadLINQ: A System for General-Purpose Distributed Data-Parallel Computing Using a High-Level Language}},
  author={Yu, Y. and Isard, M. and Fetterly, D. and Budiu, M. and Erlingsson, {\'U}. and Gunda, P.K. and Currey, J.},
  booktitle={Proc. OSDI},
  year={2008}
}

@inproceedings{clark2005live,
  title={{Live Migration of Virtual Machines}},
  author={Clark, C. and Fraser, K. and Hand, S. and Hansen, J.G. and Jul, E. and Limpach, C. and Pratt, I. and Warfield, A.},
  booktitle={Proc. NSDI},
  pages={273--286},
  year={2005},
  volume = {2},
}

@article{tanenbaum1990experiences,
  title={{Experiences with the Amoeba Distributed Operating System}},
  author={Tanenbaum, A.S. and Van Renesse, R. and Van Staveren, H. and Sharp, G.J. and Mullender, S.J.},
  journal={CACM},
  volume={33},
  number={12},
  pages={46--63},
  year={1990},
  publisher={ACM}
}

@article{rozier1991overview,
    author = {M. Rozier and V. Abrossimov and F. Armand and I. Boule and M. Gien and M. Guillemont and F. Herrmann and C. Kaiser and S. Langlois and P. LÃ©onard and W. Neuhauser},
    title = {{Overview of the CHORUS Distributed Operating Systems}},
    journal = {Computing Systems},
    year = {1991},
    volume = {1},
    pages = {39--69}
}

@techreport{shark-tr,
    Author = {Xin, Reynold Shi and Rosen, Joshua and Zaharia, Matei and Franklin, Michael and Shenker, Scott and Stoica, Ion},
    Title = {Shark: SQL and Rich Analytics at Scale},
    Institution = {EECS Department, University of California, Berkeley},
    Year = {2012},
    Month = {Nov},
    URL = {http://www.eecs.berkeley.edu/Pubs/TechRpts/2012/EECS-2012-214.html},
    Number = {UCB/EECS-2012-214},
}

@article{dean2013the,
  title={{The Tail at Scale}},
  author={Dean, Jeffrey and Barroso, Luiz Andr\'{e}},
  journal = {CACM},
  year = {2013},
  volume = {56},
  number = {2},
  pages = {74--80}
}

@inproceedings{ananthanarayanan2013effective,
  title = {{Effective Straggler Mitigation: Attack of the Clones}},
  author = {Ananthanarayanan, Ganesh and Ghodsi, Ali and Shenker, Scott and Stoica, Ion},
  booktitle = {Proc. NSDI},
  year = {2013},
}

@article{dean2004mapreduce,
  title={{MapReduce: Simplified Data Processing on Large Clusters}},
  author={Dean, Jeffrey and Ghemawat, Sanjay},
  journal = {Proc. OSDI},
  year={2004},
}

@misc{lipcon2012optimizing,
  title={{Optimizing MapReduce Job Performance}},
  author={Todd Lipcon},
  month=Jun,
  year=2012,
  note = {\url{http://www.slideshare.net/cloudera/mr-perf}},
}

@inproceedings{low-latency,
 author = {Rumble, Stephen M. and Ongaro, Diego and Stutsman, Ryan and Rosenblum, Mendel and Ousterhout, John K.},
 title = {{It's Time for Low Latency}},
 booktitle = {Proc. HotOS},
 year = {2011},
}

@inproceedings{isard2009quincy,
 author = {Isard, Michael and Prabhakaran, Vijayan and Currey, Jon and Wieder, Udi and Talwar, Kunal and Goldberg, Andrew},
 title = {{Quincy: Fair Scheduling for Distributed Computing Clusters}},
 booktitle = {Proc. SOSP},
 year = {2009},
 pages = {261--276},
} 

@inproceedings{hindman2011mesos,
  title={{Mesos: A Platform for Fine-Grained Resource Sharing in the Data Center}},
  author={Hindman, B. and Konwinski, A. and Zaharia, M. and Ghodsi, A. and Joseph, A.D. and Katz, R. and Shenker, S. and Stoica, I.},
  booktitle={Proc. NSDI},
  year={2011},
}

@inproceedings{ghemawat2003google,
  title={{The Google File System}},
  author={Ghemawat, S. and Gobioff, H. and Leung, S.T.},
  booktitle={Proc. SOSP},
  pages={29--43},
  year={2003},
}

@inproceedings{chang2008bigtable,
  title={{Bigtable: A Distributed Storage System for Structured Data}},
  author={Chang, F. and Dean, J. and Ghemawat, S. and Hsieh, W.C. and Wallach, D.A. and Burrows, M. and Chandra, T. and Fikes, A. and Gruber, R.E.},
  booktitle = {Proc. OSDI},
  year={2006},
}

@inproceedings{gufler2012load,
  title={{Load Balancing in MapReduce Based on Scalable Cardinality Estimates}},
  author={Gufler, B. and Augsten, N. and Reiser, A. and Kemper, A.},
  booktitle={Proc. ICDE},
  pages={522--533},
  year={2012}
}

@inproceedings{stoica2001chord,
  title={{Chord: A Scalable Peer-to-peer Lookup Service for Internet Applications}},
  author={Stoica, I. and Morris, R. and Karger, D. and Kaashoek, M.F. and Balakrishnan, H.},
  booktitle={Proc. SIGCOMM},
  pages={149--160},
  year={2001},
}

@inproceedings{bhatotia2011incoop,
  title={{Incoop: MapReduce for Incremental Computations}},
  author={Bhatotia, P. and Wieder, A. and Rodrigues, R. and Acar, U.A. and Pasquin, R.},
  booktitle={Proc. SOCC},
  year={2011},
}

@inproceedings{zaharia2010delay,
  title={{Delay Scheduling: A Simple Technique for Achieving Locality and Fairness in Cluster Scheduling}},
  author={Zaharia, M. and Borthakur, D. and Sen Sarma, J. and Elmeleegy, K. and Shenker, S. and Stoica, I.},
  booktitle={Proc. EuroSys},
  pages={265--278},
  year={2010},
}

@inproceedings{blumofe1994scheduling,
  title={{Scheduling Multithreaded Computations by Work Stealing}},
  author={Blumofe, R.D. and Leiserson, C.E.},
  booktitle={Proc. FOCS},
  pages={356--368},
  year={1994},
}

@misc{zaharia2012meetup,
  title={{Developer Meetup: Intro to Spark Internals}},
  author={Matei Zaharia},
  note = {\url{http://files.meetup.com/3138542/dev-meetup-dec-2012.pptx}},
}

@article{feitelson1992gang,
  title = {{Gang scheduling performance benefits for fine-grain synchronization}},
  journal = {Journal of Parallel and Distributed Computing},
  volume = "16",
  number = "4",
  pages = "306 - 318",
  year = "1992",
  author = {"Dror G. Feitelson and Larry Rudolph"}
}

@inproceedings{zaharia2012discretized,
  title={Discretized streams: an efficient and fault-tolerant model for stream processing on large clusters},
  author={Zaharia, M. and Das, T. and Li, H. and Shenker, S. and Stoica, I.},
  booktitle={Proceedings of the 4th USENIX conference on Hot Topics in Cloud Ccomputing},
  year={2012},
  organization={USENIX Association}
}

@inproceedings{dunlap2002revirt,
  title={{ReVirt: Enabling Intrusion Analysis through Virtual-Machine Logging and Replay}},
  author={Dunlap, G.W. and King, S.T. and Cinar, S. and Basrai, M.A. and Chen, P.M.},
  booktitle={Proc. OSDI},
  year={2002},
  pages={211--224}
}

@article{chen2012interactive,
  title={{Interactive Analytical Processing in Big Data Systems: A Cross-Industry Study of MapReduce Workloads}},
  author={Chen, Y. and Alspaugh, S. and Katz, R.},
  journal={Proc. of the VLDB Endow.},
  volume={5},
  number={12},
  pages={1802--1813},
  year={2012},
}
